% Encoding: UTF-8

@article{GeMeScSe2019,
  author    = {Cody Geary and Pierre{-}\'{E}tienne Meunier and Nicolas Schabanel and Shinnosuke Seki},
  title     = {Oritatami: A computational model for molecular co-transcriptional folding},
  booktitle = {Proc. MFCS 2016},
  journal = {International Journal of Molecular Sciences},
  year      = {2019},
  volume = {20},
  number = {9},
  pages   = {2259},
}

@InProceedings{GeMeScSe2018,
  author    = {Cody Geary and Pierre{-}\'{E}tienne Meunier and Nicolas Schabanel and Shinnosuke Seki},
  title     = {Proving the {T}uring Universality of Oritatami Cotranscriptional Folding},
  booktitle = {Proc. ISAAC 2018},
  year      = {2018},
  pages   = {23:1 -- 23:13},
}

@book{bio,
  title={Essential cell biology},
  author={Alberts, Bruce and Bray, Dennis and Hopkin, Karen and Johnson, Alexander and Lewis, Julian and Raff, Martin and Roberts, Keith and Walter, Peter},
  year={2013},
  publisher={Garland Science}
}

@article{encoding,
  title={Encoding folding paths of RNA switches},
  author={Xayaphoummine, A and Viasnoff, V and Harlepp, S and Isambert, H},
  journal={Nucleic acids research},
  volume={35},
  number={2},
  pages={614--622},
  year={2007},
  publisher={Oxford Univ Press}
}

@Comment{jabref-meta: databaseType:bibtex;}
